<record><leader>00000cas a22000007a 4500</leader><controlfield tag="001">18122304</controlfield><controlfield tag="008">880622d19621970nduwr ne      0    0eng d</controlfield><datafield ind1=" " ind2=" " tag="010"><subfield code="a">sn 88076263 </subfield></datafield><datafield ind1=" " ind2=" " tag="040"><subfield code="a">NOP</subfield><subfield code="b">eng</subfield><subfield code="c">NOP</subfield><subfield code="d">OCLCQ</subfield></datafield><datafield ind1=" " ind2=" " tag="042"><subfield code="a">msc</subfield></datafield><datafield ind1="0" ind2="0" tag="245"><subfield code="a">Tioga tribune and Rakota.</subfield></datafield><datafield ind1=" " ind2=" " tag="260"><subfield code="a">Tioga, N.D. :</subfield><subfield code="b">Pius Hornstein</subfield></datafield><datafield ind1=" " ind2=" " tag="300"><subfield code="a">8 v. :</subfield><subfield code="b">ill. ;</subfield><subfield code="c">56 cm.</subfield></datafield><datafield ind1=" " ind2=" " tag="310"><subfield code="a">Weekly</subfield></datafield><datafield ind1="0" ind2=" " tag="362"><subfield code="a">Vol. 11, no. 12 (July 5, 1962)-v. 18, no. 25 (Sept. 23, 1970).</subfield></datafield><datafield ind1=" " ind2=" " tag="530"><subfield code="a">Available on microfilm from the State Historical Society of North Dakota.</subfield></datafield><datafield ind1=" " ind2=" " tag="752"><subfield code="a">United States</subfield><subfield code="b">North Dakota</subfield><subfield code="c">Williams</subfield><subfield code="d">Tioga.</subfield></datafield><datafield ind1=" " ind2=" " tag="752"><subfield code="a">United States</subfield><subfield code="b">North Dakota</subfield><subfield code="c">Williams</subfield><subfield code="d">Ray.</subfield></datafield><datafield ind1="0" ind2="4" tag="780"><subfield code="t">Tioga tribune</subfield><subfield code="w">(DLC)sn 88076262</subfield></datafield><datafield ind1="0" ind2="4" tag="780"><subfield code="t">Rakota</subfield><subfield code="w">(DLC)sn 88076259</subfield></datafield><datafield ind1="0" ind2="7" tag="785"><subfield code="t">Wildrose mixer</subfield><subfield code="w">(DLC)sn 88076267</subfield></datafield><datafield ind1="0" ind2="7" tag="785"><subfield code="t">Tioga tribune, Rakota &amp; Wildrose mixer</subfield><subfield code="w">(DLC)sn 88076264</subfield></datafield></record>